
@article{wlpjctc2016,
author = {Wang, Lee-Ping and McGibbon, Robert T. and Pande, Vijay S. and Martinez, Todd J.},
title = {Automated Discovery and Refinement of Reactive Molecular Dynamics Pathways},
journal = {Journal of Chemical Theory and Computation},
volume = {12},
number = {2},
pages = {638-649},
year = {2016},
doi = {10.1021/acs.jctc.5b00830},
    note ={PMID: 26683346},

URL = { 
        https://doi.org/10.1021/acs.jctc.5b00830
    
},
eprint = { 
        https://doi.org/10.1021/acs.jctc.5b00830
    
}

}


